%bibtex file
@ARTICLE{lat_inst,
author = {{Atwood}, W.~B. and others},
title = "{The Large Area Telescope on the Fermi Gamma-Ray Space Telescope Mission}",
  journal = {\apj},
archivePrefix = "arXiv",
   eprint = {0902.1089},
 primaryClass = "astro-ph.IM",
 keywords = {cosmic rays, galaxies: active, Galaxy: general, gamma rays: observations, Sun: X-rays, gamma rays, telescopes},
     year = 2009,
    month = jun,
   volume = 697,
    pages = {1071-1102},
      doi = {10.1088/0004-637X/697/2/1071},
   adsurl = {http://adsabs.harvard.edu/abs/2009ApJ...697.1071A},
  adsnote = {Provided by the SAO/NASA Astrophysics Data System}
}

@ARTICLE{2015arXiv150206769K,
   author = {{Kuiper}, L. and {Hermsen}, W.},
    title = "{The soft gamma-ray pulsar population: an high-energy overview}",
  journal = {ArXiv e-prints},
archivePrefix = "arXiv",
   eprint = {1502.06769},
 primaryClass = "astro-ph.HE",
 keywords = {Astrophysics - High Energy Astrophysical Phenomena},
     year = 2015,
    month = feb,
   adsurl = {http://adsabs.harvard.edu/abs/2015arXiv150206769K},
  adsnote = {Provided by the SAO/NASA Astrophysics Data System}
}

@ARTICLE{agile_inst,
   author = {{Tavani}, M. and others},
    title = "{The AGILE Mission}",
  journal = {\aap},
archivePrefix = "arXiv",
   eprint = {0807.4254},
 keywords = {instrumentation: detectors, techniques: high angular resolution, techniques: image processing, gamma rays: observations, X-rays: general},
     year = 2009,
    month = aug,
   volume = 502,
    pages = {995-1013},
      doi = {10.1051/0004-6361/200810527},
   adsurl = {http://adsabs.harvard.edu/abs/2009A26A...502..995T},
  adsnote = {Provided by the SAO/NASA Astrophysics Data System}
}

@ARTICLE{2002ITNS...49.1898T,
   author = {{Thompson}, D.~J. and others},
    title = "{Gamma-ray Large-Area Space Telescope (GLAST) balloon flight engineering model: overview}",
  journal = {IEEE Transactions on Nuclear Science},
   eprint = {astro-ph/0209615},
     year = 2002,
    month = aug,
   volume = 49,
    pages = {1898-1903},
      doi = {10.1109/TNS.2002.801548},
   adsurl = {http://adsabs.harvard.edu/abs/2002ITNS...49.1898T},
  adsnote = {Provided by the SAO/NASA Astrophysics Data System}
}

@ARTICLE{2004ApJ...614.1113M,
   author = {{Mizuno}, T. and {Kamae}, T. and {Godfrey}, G. and {Handa}, T. and 
	{Thompson}, D.~J. and {Lauben}, D. and {Fukazawa}, Y. and {Ozaki}, M.
	},
    title = "{Cosmic-Ray Background Flux Model Based on a Gamma-Ray Large Area Space Telescope Balloon Flight Engineering Model}",
  journal = {\apj},
   eprint = {astro-ph/0406684},
 keywords = {Balloons, ISM: Cosmic Rays, Gamma Rays: Observations, Instrumentation: Miscellaneous},
     year = 2004,
    month = oct,
   volume = 614,
    pages = {1113-1123},
      doi = {10.1086/423801},
   adsurl = {http://adsabs.harvard.edu/abs/2004ApJ...614.1113M},
  adsnote = {Provided by the SAO/NASA Astrophysics Data System}
}

@ARTICLE{Schonfelder,
   author = {{Schonfelder}, V. and {Kanbach}, G.},
    title = "{Imaging through Compton scattering and pair creation}",
  journal = {ISSI Scientific Reports Series},
     year = 2010,
   volume = 9,
    pages = {207-222},
   adsurl = {http://adsabs.harvard.edu/abs/2010ISSIR...9..207S},
  adsnote = {Provided by the SAO/NASA Astrophysics Data System}
}

@ARTICLE{PAMELA,
   author = {{Picozza}, P. and others},
    title = "{PAMELA   A payload for antimatter matter exploration and light-nuclei astrophysics}",
  journal = {Astroparticle Physics},
   eprint = {astro-ph/0608697},
     year = 2007,
    month = apr,
   volume = 27,
    pages = {296-315},
      doi = {10.1016/j.astropartphys.2006.12.002},
   adsurl = {http://adsabs.harvard.edu/abs/2007APh....27..296P},
  adsnote = {Provided by the SAO/NASA Astrophysics Data System}
}

@ARTICLE{MEGA,
   author = {{Bloser}, P.~F. and {Andritschke}, R. and {Kanbach}, G. and 
	{Sch{\"o}nfelder}, V. and {Schopper}, F. and {Zoglauer}, A.},
    title = "{The MEGA advanced Compton telescope project}",
  journal = {\nar},
   eprint = {astro-ph/0110129},
     year = 2002,
    month = jul,
   volume = 46,
    pages = {611-616},
      doi = {10.1016/S1387-6473(02)00209-9},
   adsurl = {http://adsabs.harvard.edu/abs/2002NewAR..46..611B},
  adsnote = {Provided by the SAO/NASA Astrophysics Data System}
}

@INPROCEEDINGS{GRIPS,
   author = {{Mannheim}, K. and {Greiner}, J.},
    title = "{Exploring the Universe from hard X-rays to gamma rays with GRIPS}",
booktitle = {25th Texas Symposium on Relativistic Astrophysics},
     year = 2010,
      eid = {249},
    pages = {249},
   adsurl = {http://adsabs.harvard.edu/abs/2010tsra.confE.249M},
  adsnote = {Provided by the SAO/NASA Astrophysics Data System}
}
=======
@PHDTHESIS{bowenthesis,
  author       = {Jason Bowen}, 
  title        = {The Prototype Nuclear Compton Telescope:
Observations of the Galactic Anticenter Region},
  school       = {University of California at Berkeley},
  year         = 2009,
  address      = {ProQuest AMI, 789 E. Eisenhower Parkway Ann Arbor, MI, 48108},
  month        = 5,

}

@ARTICLE{2013NIMPA.705..111N,
   author = {{Nowicki}, S.~F. and {Hunter}, S.~D. and {Parsons}, A.~M.},
    title = "{Development of a quasi-monoenergetic 6 MeV Gamma Facility at NASA Goddard Space Flight Center}",
  journal = {Nuclear Instruments and Methods in Physics Research A},
     year = 2013,
    month = mar,
   volume = 705,
    pages = {111-116},
      doi = {10.1016/j.nima.2012.12.066},
   adsurl = {http://adsabs.harvard.edu/abs/2013NIMPA.705..111N},
  adsnote = {Provided by the SAO/NASA Astrophysics Data System}
}

@MISC{midex_instrument,                                                                  
  author = {Moiseev, A},                                                                   
  title = {Compton_Pair production Space telescope (ComPair) for MeV Gamma-ray astronomy},
  year = {2015},                                                                           
  note = {Slides of a talk given at NASA/GSFC, Feb 5, http://asd.gsfc.nasa.gov/conferences/future_gamma_obs/program/ComPair_Moiseev_020615.pdf}
}

@ARTICLE{LAT_acd,
   author = {{Moiseev}, A.~A. and others},
    title = "{The anti-coincidence detector for the GLAST large area telescope}",
  journal = {Astroparticle Physics},
   eprint = {astro-ph/0702581},
 keywords = {X- and gamma-ray telescopes and instrumentation, Neutrino muon pion and other elementary particle detectors, cosmic ray detectors, Scintillation detectors},
     year = 2007,
    month = jun,
   volume = 27,
    pages = {339-358},
      doi = {10.1016/j.astropartphys.2006.12.003},
   adsurl = {http://adsabs.harvard.edu/abs/2007APh....27..339M},
  adsnote = {Provided by the SAO/NASA Astrophysics Data System}
}

@ARTICLE{LAT_cal,
   author = {{Johnson}, W.~N. and others},
    title = "{The construction and performance of the CsI hodoscopic calorimeter for the GLAST beam test engineering module}",
  journal = {IEEE Transactions on Nuclear Science},
     year = 2001,
    month = aug,
   volume = 48,
    pages = {1182-1189},
      doi = {10.1109/23.958747},
   adsurl = {http://adsabs.harvard.edu/abs/2001ITNS...48.1182J},
  adsnote = {Provided by the SAO/NASA Astrophysics Data System}
}

@ARTICLE{2014Sci...343...42A,
   author = {{Ackermann}, M. and others},
    title = "{Fermi-LAT Observations of the Gamma-Ray Burst GRB 130427A}",
  journal = {Science},
     year = 2014,
    month = jan,
   volume = 343,
    pages = {42-47},
      doi = {10.1126/science.1242353},
   adsurl = {http://adsabs.harvard.edu/abs/2014Sci...343...42A},
  adsnote = {Provided by the SAO/NASA Astrophysics Data System}
}

@ARTICLE{2011ApJ...736..131A,
   author = {{Abdo}, A.~A. and others},
    title = "{Fermi Large Area Telescope Observations of Markarian 421: The Missing Piece of its Spectral Energy Distribution}",
  journal = {\apj},
archivePrefix = "arXiv",
   eprint = {1106.1348},
 primaryClass = "astro-ph.HE",
 keywords = {acceleration of particles, BL Lacertae objects: general, BL Lacertae objects: individual: Mrk 421, galaxies: active, gamma rays: general, radiation mechanisms: non-thermal},
     year = 2011,
    month = aug,
   volume = 736,
      eid = {131},
    pages = {131},
      doi = {10.1088/0004-637X/736/2/131},
   adsurl = {http://adsabs.harvard.edu/abs/2011ApJ...736..131A},
  adsnote = {Provided by the SAO/NASA Astrophysics Data System}
}

@ARTICLE{2015arXiv150102003T,
   author = {{The Fermi-LAT Collaboration}},
    title = "{Fermi Large Area Telescope Third Source Catalog}",
  journal = {ArXiv e-prints},
archivePrefix = "arXiv",
   eprint = {1501.02003},
 primaryClass = "astro-ph.HE",
 keywords = {Astrophysics - High Energy Astrophysical Phenomena},
     year = 2015,
    month = jan,
   adsurl = {http://adsabs.harvard.edu/abs/2015arXiv150102003T},
  adsnote = {Provided by the SAO/NASA Astrophysics Data System}
}

@ARTICLE{2014JHEAp...1...31T,
   author = {{Torres}, D.~F. and {Cillis}, A. and {Mart{\'{\i}}n}, J. and 
	{de O{\~n}a Wilhelmi}, E.},
    title = "{Time-dependent modeling of TeV-detected, young pulsar wind nebulae}",
  journal = {Journal of High Energy Astrophysics},
archivePrefix = "arXiv",
   eprint = {1402.5485},
 primaryClass = "astro-ph.HE",
     year = 2014,
    month = may,
   volume = 1,
    pages = {31-62},
      doi = {10.1016/j.jheap.2014.02.001},
   adsurl = {http://adsabs.harvard.edu/abs/2014JHEAp...1...31T},
  adsnote = {Provided by the SAO/NASA Astrophysics Data System}
}

@ARTICLE{2012ApJ...744...64J,
   author = {{Jourdain}, E. and {Roques}, J.~P. and {Malzac}, J.},
    title = "{The Emission of Cygnus X-1: Observations with INTEGRAL SPI from 20 keV to 2 MeV}",
  journal = {\apj},
archivePrefix = "arXiv",
   eprint = {1109.2053},
 primaryClass = "astro-ph.HE",
 keywords = {methods: observational, radiation mechanisms: general, X-rays: binaries, X-rays: individual: Cyg X-1},
     year = 2012,
    month = jan,
   volume = 744,
      eid = {64},
    pages = {64},
      doi = {10.1088/0004-637X/744/1/64},
   adsurl = {http://adsabs.harvard.edu/abs/2012ApJ...744...64J},
  adsnote = {Provided by the SAO/NASA Astrophysics Data System}
}

@ARTICLE{1998MNRAS.301..435Z,
   author = {{Zdziarski}, A.~A. and {Poutanen}, J. and {Mikolajewska}, J. and 
	{Gierlinski}, M. and {Ebisawa}, K. and {Johnson}, W.~N.},
    title = "{Broad-band X-ray/gamma-ray spectra and binary parameters of GX 339-4 and their astrophysical implications}",
  journal = {\mnras},
   eprint = {astro-ph/9807300},
 keywords = {ACCRETION, ACCRETION DISCS, BINARIES: GENERAL, STARS: INDIVIDUAL: GX 339-4, GAMMA-RAYS: OBSERVATIONS, GAMMA-RAYS: THEORY, X-RAYS: STARS},
     year = 1998,
    month = dec,
   volume = 301,
    pages = {435-450},
      doi = {10.1046/j.1365-8711.1998.02021.x},
   adsurl = {http://adsabs.harvard.edu/abs/1998MNRAS.301..435Z},
  adsnote = {Provided by the SAO/NASA Astrophysics Data System}
}

@ARTICLE{2015ApJ...799...86A,
   author = {{Ackermann}, M. and others},
    title = "{The Spectrum of Isotropic Diffuse Gamma-Ray Emission between 100 MeV and 820 GeV}",
  journal = {\apj},
 keywords = {diffuse radiation, gamma rays: diffuse background},
     year = 2015,
    month = jan,
   volume = 799,
      eid = {86},
    pages = {86},
      doi = {10.1088/0004-637X/799/1/86},
   adsurl = {http://adsabs.harvard.edu/abs/2015ApJ...799...86A},
  adsnote = {Provided by the SAO/NASA Astrophysics Data System}
}

@ARTICLE{2014A&A...566L...7K,
   author = {{Krau{\ss}}, F. and others},
    title = "{TANAMI blazars in the IceCube; PeV-neutrino fields}",
  journal = {\aap},
archivePrefix = "arXiv",
   eprint = {1406.0645},
 primaryClass = "astro-ph.HE",
 keywords = {neutrinos, galaxies: active, quasars: general},
     year = 2014,
    month = jun,
   volume = 566,
      eid = {L7},
    pages = {L7},
      doi = {10.1051/0004-6361/201424219},
   adsurl = {http://adsabs.harvard.edu/abs/2014A%26A...566L...7K},
  adsnote = {Provided by the SAO/NASA Astrophysics Data System}
}

@ARTICLE{2013ApJ...779..117Y,
   author = {{Yuan}, Y. and {Funk}, S. and {J{\'o}hannesson}, G. and {Lande}, J. and 
	{Tibaldo}, L. and {Uchiyama}, Y.},
    title = "{Fermi Large Area Telescope Detection of a Break in the Gamma-Ray Spectrum of the Supernova Remnant Cassiopeia A}",
  journal = {\apj},
archivePrefix = "arXiv",
   eprint = {1310.8287},
 primaryClass = "astro-ph.HE",
 keywords = {acceleration of particles, gamma rays: general, ISM: supernova remnants, radiation mechanisms: non-thermal, supernovae: individual: Cassiopeia A },
     year = 2013,
    month = dec,
   volume = 779,
      eid = {117},
    pages = {117},
      doi = {10.1088/0004-637X/779/2/117},
   adsurl = {http://adsabs.harvard.edu/abs/2013ApJ...779..117Y},
  adsnote = {Provided by the SAO/NASA Astrophysics Data System}
}

@ARTICLE{2013arXiv1307.6570H,
   author = {{Hewitt}, J.~W. and {Acero}, F. and {Brandt}, T.~J. and {Cohen}, J. and 
	{de Palma}, F. and {Giordano}, F. and {for the Fermi LAT Collaboration}
	},
    title = "{The 1st Fermi LAT SNR Catalog: Probing the Gamma-ray Population}",
  journal = {ArXiv e-prints},
archivePrefix = "arXiv",
   eprint = {1307.6570},
 primaryClass = "astro-ph.HE",
 keywords = {Astrophysics - High Energy Astrophysical Phenomena},
     year = 2013,
    month = jul,
   adsurl = {http://adsabs.harvard.edu/abs/2013arXiv1307.6570H},
  adsnote = {Provided by the SAO/NASA Astrophysics Data System}
}

@ARTICLE{Subramanian,
   author = {{Subramanian}, M. and {Wulf}, E.~A. and {Phlips}, B. and {Krawczynski}, H. and 
	{Martin}, J. and {Dowknott}, P.},
    title = "{Compton imaging with thick Si and CZT detectors}",
  journal = {Nuclear Instruments and Methods in Physics Research A},
     year = 2012,
    month = aug,
   volume = 682,
    pages = {79-84},
      doi = {10.1016/j.nima.2012.04.011},
   adsurl = {http://adsabs.harvard.edu/abs/2012NIMPA.682...79S},
  adsnote = {Provided by the SAO/NASA Astrophysics Data System}
}


@ARTICLE{MEGALIB,
   author = {{Zoglauer}, A. and  {Andritschke}, R. and  {Schopper}, F.},
    title = "{MEGAlib   The Medium Energy Gamma-ray Astronomy Library}",
  journal = {\nar},
     year = 2006,
    month = oct,
   volume = 50,
    pages = {629-632},
      doi = {10.1016/j.newar.2006.06.049},
   adsurl = {http://adsabs.harvard.edu/abs/2006NewAR..50..629Z},
  adsnote = {Provided by the SAO/NASA Astrophysics Data System}
}

@ARTICLE{comptel,
   author = {{Schoenfelder}, V. and others},
    title = "{Instrument description and performance of the Imaging Gamma-Ray Telescope COMPTEL aboard the Compton Gamma-Ray Observatory}",
  journal = {\apjs},
 keywords = {Gamma Ray Observatory, Gamma Ray Telescopes, Satellite-Borne Instruments, Spaceborne Astronomy, Computerized Simulation, Interstellar Space, Monte Carlo Method, Performance Prediction, Point Spread Functions, Solar Flares, Spacecraft Electronic Equipment},
     year = 1993,
    month = jun,
   volume = 86,
    pages = {657-692},
      doi = {10.1086/191794},
   adsurl = {http://adsabs.harvard.edu/abs/1993ApJS...86..657S},
  adsnote = {Provided by the SAO/NASA Astrophysics Data System}
}

@ARTICLE{AMS,
   author = {{Kounine}, A.},
    title = "{The Alpha Magnetic Spectrometer on the International Space Station}",
  journal = {International Journal of Modern Physics E},
 keywords = {Cosmic says, dark matter, anti-matter, space-borne magnetic spectrometer, Other topics in nuclear astrophysics},
     year = 2012,
    month = aug,
   volume = 21,
      eid = {1230005},
    pages = {30005},
      doi = {10.1142/S0218301312300056},
   adsurl = {http://adsabs.harvard.edu/abs/2012IJMPE..2130005K},
  adsnote = {Provided by the SAO/NASA Astrophysics Data System}
}
