@ARTICLE{HandC1981,
  author = {J.D. Hutchings and D. Crampton},
  journal = {PASP},
  year = {1981},
  volume = {93},
  pages = {486},
  owner = {monkeysontheloose},
  timestamp = {2011.07.28}
}
@ARTICLE{Casares2005,
  author = {{Casares}, J. and {Ribas}, I. and {Paredes}, J.~M. and {Mart{\'{\i}}}, J. and {Allende Prieto}, C.},
  journal = {MNRAS},
  year = {2005},
  volume = {360},
  pages = {1105},
  owner = {monkeysontheloose},
  timestamp = {2011.07.28}
}
@ARTICLE{Gregory2002,
  author = {P.C. Gregory},
  journal = {ApJ},
  year = {2002},
  volume = {525},
  pages = {427},
  owner = {monkeysontheloose},
  timestamp = {2011.07.28}
}

@ARTICLE{GR2001,
  author = {J. Greiner and A. Rau},
  journal = {A$\&$A},
  year = {2001},
  volume = {375},
  pages = {145},
  owner = {monkeysontheloose},
  timestamp = {2011.07.28}
}
@ARTICLE{Harrison2000,
  author = {F.A. Harrison and others},
  journal = {ApJ},
  year = {2000},
  volume = {528},
  pages = {454},
  owner = {monkeysontheloose},
  timestamp = {2011.07.28}
}
@ARTICLE{Abdo2009,
  author = {{Abdo}, A.~A. and {Ackermann}, M. and {Ajello}, M. and {Atwood}, W.~B. and 
	{Axelsson}, M. and {Baldini}, L. and {Ballet}, J. and {Barbiellini}, G. and 
	{Bastieri}, D. and {Baughman}, B.~M. and {Bechtol}, K. and {Bellazzini}, R. and 
	{Berenji}, B. and {Blandford}, R. and {Bloom}, E.~D. and {Bonamente}, E. and 
	{Borgland}, A.~W. and {Bregeon}, J. and {Brez}, A. and {Brigida}, M. and 
	{Bruel}, P. and {Burnett}, T.~H. and {Caliandro}, G.~A. and 
	{Cameron}, R.~A. and {Caraveo}, P.~A. and {Casandjian}, J.~M. and 
	{Cavazzuti}, E. and {Cecchi}, C. and {{\c C}elik}, {\"O}. and 
	{Charles}, E. and {Chaty}, S. and {Chekhtman}, A. and {Cheung}, C.~C. and 
	{Chiang}, J. and {Ciprini}, S. and {Claus}, R. and {Cohen-Tanugi}, J. and 
	{Cominsky}, L.~R. and {Conrad}, J. and {Corbel}, S. and {Corbet}, R. and 
	{Cutini}, S. and {Dermer}, C.~D. and {de Angelis}, A. and {de Luca}, A. and 
	{de Palma}, F. and {Digel}, S.~W. and {Dormody}, M. and {do Couto e Silva}, E. and 
	{Drell}, P.~S. and {Dubois}, R. and {Dubus}, G. and {Dumora}, D. and 
	{Farnier}, C. and {Favuzzi}, C. and {Fegan}, S.~J. and {Focke}, W.~B. and 
	{Frailis}, M. and {Fukazawa}, Y. and {Funk}, S. and {Fusco}, P. and 
	{Gargano}, F. and {Gasparrini}, D. and {Gehrels}, N. and {Germani}, S. and 
	{Giebels}, B. and {Giglietto}, N. and {Giordano}, F. and {Glanzman}, T. and 
	{Godfrey}, G. and {Grenier}, I.~A. and {Grondin}, M.-H. and 
	{Grove}, J.~E. and {Guillemot}, L. and {Guiriec}, S. and {Hanabata}, Y. and 
	{Harding}, A.~K. and {Hayashida}, M. and {Hays}, E. and {Hill}, A.~B. and 
	{Hughes}, R.~E. and {J{\'o}hannesson}, G. and {Johnson}, A.~S. and 
	{Johnson}, R.~P. and {Johnson}, T.~J. and {Johnson}, W.~N. and 
	{Kamae}, T. and {Katagiri}, H. and {Kataoka}, J. and {Kawai}, N. and 
	{Kerr}, M. and {Kn{\"o}dlseder}, J. and {Kocian}, M.~L. and 
	{Kuehn}, F. and {Kuss}, M. and {Lande}, J. and {Larsson}, S. and 
	{Latronico}, L. and {Longo}, F. and {Loparco}, F. and {Lott}, B. and 
	{Lovellette}, M.~N. and {Lubrano}, P. and {Madejski}, G.~M. and 
	{Makeev}, A. and {Marelli}, M. and {Mazziotta}, M.~N. and {McEnery}, J.~E. and 
	{Meurer}, C. and {Michelson}, P.~F. and {Mitthumsiri}, W. and 
	{Mizuno}, T. and {Monte}, C. and {Monzani}, M.~E. and {Morselli}, A. and 
	{Moskalenko}, I.~V. and {Murgia}, S. and {Nolan}, P.~L. and 
	{Nuss}, E. and {Ohsugi}, T. and {Okumura}, A. and {Omodei}, N. and 
	{Orlando}, E. and {Ormes}, J.~F. and {Paneque}, D. and {Panetta}, J.~H. and 
	{Parent}, D. and {Pelassa}, V. and {Pepe}, M. and {Pesce-Rollins}, M. and 
	{Piron}, F. and {Porter}, T.~A. and {Rain{\`o}}, S. and {Rando}, R. and 
	{Ray}, P.~S. and {Razzano}, M. and {Rea}, N. and {Reimer}, A. and 
	{Reimer}, O. and {Reposeur}, T. and {Ritz}, S. and {Rochester}, L.~S. and 
	{Rodriguez}, A.~Y. and {Romani}, R.~W. and {Ryde}, F. and {Sadrozinski}, H.~F.-W. and 
	{Sanchez}, D. and {Sander}, A. and {Saz Parkinson}, P.~M. and 
	{Scargle}, J.~D. and {Sgr{\`o}}, C. and {Shaw}, M.~S. and {Sierpowska-Bartosik}, A. and 
	{Siskind}, E.~J. and {Smith}, D.~A. and {Smith}, P.~D. and {Spandre}, G. and 
	{Spinelli}, P. and {Striani}, E. and {Strickman}, M.~S. and 
	{Suson}, D.~J. and {Tajima}, H. and {Takahashi}, H. and {Takahashi}, T. and 
	{Tanaka}, T. and {Thayer}, J.~B. and {Thayer}, J.~G. and {Thompson}, D.~J. and 
	{Tibaldo}, L. and {Torres}, D.~F. and {Tosti}, G. and {Tramacere}, A. and 
	{Uchiyama}, Y. and {Usher}, T.~L. and {Vasileiou}, V. and {Vilchez}, N. and 
	{Vitale}, V. and {Waite}, A.~P. and {Wang}, P. and {Winer}, B.~L. and 
	{Wood}, K.~S. and {Ylinen}, T. and {Ziegler}, M.},
  journal = {ApJ},
  year = {2009},
  volume = {701},
  pages = {L123-L128},
  owner = {monkeysontheloose},
  timestamp = {2011.07.28}
}
@ARTICLE{Albert2006,
  author = {{Albert}, J. and {Aliu}, E. and {Anderhub}, H. and {Antoranz}, P. and 
	{Armada}, A. and {Asensio}, M. and {Baixeras}, C. and {Barrio}, J.~A. and 
	{Bartelt}, M. and {Bartko}, H. and {Bastieri}, D. and {Bavikadi}, S.~R. and 
	{Bednarek}, W. and {Berger}, K. and {Bigongiari}, C. and {Biland}, A. and 
	{Bisesi}, E. and {Bock}, R.~K. and {Bordas}, P. and {Bosch-Ramon}, V. and 
	{Bretz}, T. and {Britvitch}, I. and {Camara}, M. and {Carmona}, E. and 
	{Chilingarian}, A. and {Ciprini}, S. and {Coarasa}, J.~A. and 
	{Commichau}, S. and {Contreras}, J.~L. and {Cortina}, J. and 
	{Curtef}, V. and {Danielyan}, V. and {Dazzi}, F. and {De Angelis}, A. and 
	{de los Reyes}, R. and {De Lotto}, B. and {Domingo-Santamar{\'{\i}}a}, E. and 
	{Dorner}, D. and {Doro}, M. and {Errando}, M. and {Fagiolini}, M. and 
	{Ferenc}, D. and {Fern{\'a}ndez}, E. and {Firpo}, R. and {Flix}, J. and 
	{Fonseca}, M.~V. and {Font}, L. and {Fuchs}, M. and {Galante}, N. and 
	{Garczarczyk}, M. and {Gaug}, M. and {Giller}, M. and {Goebel}, F. and 
	{Hakobyan}, D. and {Hayashida}, M. and {Hengstebeck}, T. and 
	{H{\"o}hne}, D. and {Hose}, J. and {Hsu}, C.~C. and {Isar}, P.~G. and 
	{Jacon}, P. and {Kalekin}, O. and {Kosyra}, R. and {Kranich}, D. and 
	{Laatiaoui}, M. and {Laille}, A. and {Lenisa}, T. and {Liebing}, P. and 
	{Lindfors}, E. and {Lombardi}, S. and {Longo}, F. and {L{\'o}pez}, J. and 
	{L{\'o}pez}, M. and {Lorenz}, E. and {Lucarelli}, F. and {Majumdar}, P. and 
	{Maneva}, G. and {Mannheim}, K. and {Mansutti}, O. and {Mariotti}, M. and 
	{Mart{\'{\i}}nez}, M. and {Mase}, K. and {Mazin}, D. and {Merck}, C. and 
	{Meucci}, M. and {Meyer}, M. and {Miranda}, J.~M. and {Mirzoyan}, R. and 
	{Mizobuchi}, S. and {Moralejo}, A. and {Nilsson}, K. and {O{\~n}a-Wilhelmi}, E. and 
	{Ordu{\~n}a}, R. and {Otte}, N. and {Oya}, I. and {Paneque}, D. and 
	{Paoletti}, R. and {Paredes}, J.~M. and {Pasanen}, M. and {Pascoli}, D. and 
	{Pauss}, F. and {Pavel}, N. and {Pegna}, R. and {Persic}, M. and 
	{Peruzzo}, L. and {Piccioli}, A. and {Poller}, M. and {Pooley}, G. and 
	{Prandini}, E. and {Raymers}, A. and {Rhode}, W. and {Rib{\'o}}, M. and 
	{Rico}, J. and {Riegel}, B. and {Rissi}, M. and {Robert}, A. and 
	{Romero}, G.~E. and {R{\"u}gamer}, S. and {Saggion}, A. and 
	{S{\'a}nchez}, A. and {Sartori}, P. and {Scalzotto}, V. and 
	{Scapin}, V. and {Schmitt}, R. and {Schweizer}, T. and {Shayduk}, M. and 
	{Shinozaki}, K. and {Shore}, S.~N. and {Sidro}, N. and {Sillanp{\"a}{\"a}}, A. and 
	{Sobczynska}, D. and {Stamerra}, A. and {Stark}, L.~S. and {Takalo}, L. and 
	{Temnikov}, P. and {Tescaro}, D. and {Teshima}, M. and {Tonello}, N. and 
	{Torres}, A. and {Torres}, D.~F. and {Turini}, N. and {Vankov}, H. and 
	{Vitale}, V. and {Wagner}, R.~M. and {Wibig}, T. and {Wittek}, W. and 
	{Zanin}, R. and {Zapatero}, J.},
  journal = {Science},
  year = {2006},
  volume = {312},
  pages = {1771},
  owner = {monkeysontheloose},
  timestamp = {2011.07.28}
}
@ARTICLE{VERITASLSIDetection,
  author = {{Acciari}, V.~A. and {Beilicke}, M. and {Blaylock}, G. and {Bradbury}, S.~M. and 
	{Buckley}, J.~H. and {Bugaev}, V. and {Butt}, Y. and {Byrum}, K.~L. and 
	{Celik}, O. and {Cesarini}, A. and {Ciupik}, L. and {Chow}, Y.~C.~K. and 
	{Cogan}, P. and {Colin}, P. and {Cui}, W. and {Daniel}, M.~K. and 
	{Duke}, C. and {Ergin}, T. and {Falcone}, A.~D. and {Fegan}, S.~J. and 
	{Finley}, J.~P. and {Fortin}, P. and {Fortson}, L.~F. and {Gall}, D. and 
	{Gibbs}, K. and {Gillanders}, G.~H. and {Grube}, J. and {Guenette}, R. and 
	{Hanna}, D. and {Hays}, E. and {Holder}, J. and {Horan}, D. and 
	{Hughes}, S.~B. and {Hui}, C.~M. and {Humensky}, T.~B. and {Kaaret}, P. and 
	{Kieda}, D.~B. and {Kildea}, J. and {Konopelko}, A. and {Krawczynski}, H. and 
	{Krennrich}, F. and {Lang}, M.~J. and {LeBohec}, S. and {Lee}, K. and 
	{Maier}, G. and {McCann}, A. and {McCutcheon}, M. and {Millis}, J. and 
	{Moriarty}, P. and {Mukherjee}, R. and {Nagai}, T. and {Ong}, R.~A. and 
	{Pandel}, D. and {Perkins}, J.~S. and {Pizlo}, F. and {Pohl}, M. and 
	{Quinn}, J. and {Ragan}, K. and {Reynolds}, P.~T. and {Rose}, H.~J. and 
	{Schroedter}, M. and {Sembroski}, G.~H. and {Smith}, A.~W. and 
	{Steele}, D. and {Swordy}, S.~P. and {Toner}, J.~A. and {Valcarcel}, L. and 
	{Vassiliev}, V.~V. and {Wagner}, R. and {Wakely}, S.~P. and 
	{Ward}, J.~E. and {Weekes}, T.~C. and {Weinstein}, A. and {White}, R.~J. and 
	{Williams}, D.~A. and {Wissel}, S.~A. and {Wood}, M. and {Zitzer}, B.},
  journal = {ApJ},
  year = {2008},
  volume = {679},
  pages = {1427},
  owner = {monkeysontheloose},
  timestamp = {2011.07.28}
}

@ARTICLE{Aragona2009,
  author = {{Aragona}, C. and {McSwain}, M.~V. and {Grundstrom}, E.~D. and 
	{Marsh}, A.~N. and {Roettenbacher}, R.~M. and {Hessler}, K.~M. and 
	{Boyajian}, T.~S. and {Ray}, P.~S.},
  journal = {ApJ},
  year = {2009},
  volume = {698},
  pages = {514},
  owner = {monkeysontheloose},
  timestamp = {2011.07.28}
}

@ARTICLE{Smith2008,
  author = {Smith, A. and A. Falcone and J. Holder and P. Kaaret and G. Maier and D. Pandel},
  journal = {ApJ},
  year = {2009},
  volume = {693},
  pages = {1621},
  owner = {monkeysontheloose},
  timestamp = {2011.07.28}
}

@ARTICLE{Esposito2007,
  author = {P. Esposito and P. A. Caraveo and A. Pellizzoni and A. De Luca and N. Gehrels and M. A. Marelli},
  journal = {A$\&$A},
  year = {2007},
  volume = {474},
  pages = {575},
  owner = {monkeysontheloose},
  timestamp = {2011.07.28}
}

@ARTICLE{LiXray,
  author = {{Li}, J. and {Torres}, D.~F. and {Zhang}, S. and {Hadasch}, D. and 
	{Rea}, N. and {Caliandro}, G.~A. and {Chen}, Y. and {Wang}, J.},
  journal = {ApJ},
  year = {2012},
  volume = {744},
  pages = {L13},
  owner = {monkeysontheloose},
  timestamp = {2011.07.28}
}

@ARTICLE{Hadasch,
  author = {D. Hadasch and others},
  journal = {ApJ},
  year = {2012},
  volume = {749},
  pages = {1},
  owner = {monkeysontheloose},
  timestamp = {2011.07.28}
}

@ARTICLE{Acciari2010,
  author = {V. Acciari and others},
  journal = {ApJ},
  year = {2011},
  volume = {738},
  pages = {3},
  owner = {monkeysontheloose},
  timestamp = {2011.07.28}
}

@ARTICLE{Albert2008,
  author = {J. Albert and others},
  journal = {ApJ},
  year = {2012},
  volume = {683},
  pages = {1351},
  owner = {monkeysontheloose},
  timestamp = {2011.07.28}
}

@ARTICLE{Massi2001,
  author = {{Massi}, M. and {Rib{\'o}}, M. and {Paredes}, J.~M. and {Peracaula}, M. and 
	{Estalella}, R.},
  journal = {A\&A},
  year = {2001},
  volume = {376},
  pages = {217},
  owner = {monkeysontheloose},
  timestamp = {2011.07.28}
}

@ARTICLE{Massi2013,
   author = {{Massi}, M. and {Jaron}, F.},
    title = "{Long-term periodicity in LS I +61{\deg}303 as beat frequency between orbital and precessional rate}",
  journal = {A\&A},
archivePrefix = "arXiv",
   eprint = {1303.2007},
 primaryClass = "astro-ph.HE",
 keywords = {radio continuum: stars, X-rays: binaries, gamma rays: stars, X-rays: individuals: LSI+61303},
     year = 2013,
    month = jun,
   volume = 554,
      eid = {A105},
    pages = {A105},
      doi = {10.1051/0004-6361/201219685},
   adsurl = {http://adsabs.harvard.edu/abs/2013A%26A...554A.105M},
  adsnote = {Provided by the SAO/NASA Astrophysics Data System}
}

@ARTICLE{Dhawan2006,
  author = {{Dhawan}, V. and {Mioduszewski}, A. and {Rupen}, M.},
  journal = {in Proc. of Microquasars and Beyond: From Binaries to Galaxies, in Proceedings of Science },
  year = {2006},
  volume = {Como, Italy},
  pages = {ed. T. Belloni, p.52},
  owner = {monkeysontheloose},
  timestamp = {2011.07.28}
}
@ARTICLE{Zabalza,
author={V. Zabalza and V. Bosch-Ramon and F. Aharonian and D. Khangulyan},
  journal = {A$\&$A},
  year = {2013},
  volume = {551},
  pages = {A13},
  owner = {monkeysontheloose},
  timestamp = {2011.07.28}
}

@ARTICLE{newTorres,
  author = {D. Torres and N. Rea and P. Esposito},
  journal = {ApJ},
  year = {2012},
  volume = {744},
  pages = {106},
  owner = {monkeysontheloose},
  timestamp = {2011.07.28}
}

@ARTICLE{ZimmermanMassi,
  author = {L. Zimmerman and M. Massi Torres},
  journal = {A$\&$A},
  year = {2012},
  volume = {537},
  pages = {482},
  owner = {monkeysontheloose},
  timestamp = {2011.07.28}
}

@ARTICLE{Aleksic,
  author = {{Aleksi{\'c}}, J. and {Alvarez}, E.~A. and {Antonelli}, L.~A. and 
	{Antoranz}, P. and {Asensio}, M. and {Backes}, M. and {Barrio}, J.~A. and 
	{Bastieri}, D. and {Becerra Gonz{\'a}lez}, J. and {Bednarek}, W. and 
	{Berdyugin}, A. and {Berger}, K. and {Bernardini}, E. and {Biland}, A. and 
	{Blanch}, O. and {Bock}, R.~K. and {Boller}, A. and {Bonnoli}, G. and 
	{Borla Tridon}, D. and {Bosch-Ramon}, V. and {Braun}, I. and 
	{Bretz}, T. and {Ca{\~n}ellas}, A. and {Carmona}, E. and {Carosi}, A. and 
	{Colin}, P. and {Colombo}, E. and {Contreras}, J.~L. and {Cortina}, J. and 
	{Cossio}, L. and {Covino}, S. and {Dazzi}, F. and {De Angelis}, A. and 
	{De Caneva}, G. and {De Cea del Pozo}, E. and {De Lotto}, B. and 
	{Delgado Mendez}, C. and {Diago Ortega}, A. and {Doert}, M. and 
	{Dom{\'{\i}}nguez}, A. and {Dominis Prester}, D. and {Dorner}, D. and 
	{Doro}, M. and {Elsaesser}, D. and {Ferenc}, D. and {Fonseca}, M.~V. and 
	{Font}, L. and {Fruck}, C. and {Garc{\'{\i}}a L{\'o}pez}, R.~J. and 
	{Garczarczyk}, M. and {Garrido}, D. and {Giavitto}, G. and {Godinovi{\'c}}, N. and 
	{Hadasch}, D. and {H{\"a}fner}, D. and {Herrero}, A. and {Hildebrand}, D. and 
	{H{\"o}hne-M{\"o}nch}, D. and {Hose}, J. and {Hrupec}, D. and 
	{Huber}, B. and {Jogler}, T. and {Kellermann}, H. and {Klepser}, S. and 
	{Kr{\"a}henb{\"u}hl}, T. and {Krause}, J. and {La Barbera}, A. and 
	{Lelas}, D. and {Leonardo}, E. and {Lindfors}, E. and {Lombardi}, S. and 
	{L{\'o}pez}, A. and {L{\'o}pez}, M. and {Lorenz}, E. and {Makariev}, M. and 
	{Maneva}, G. and {Mankuzhiyil}, N. and {Mannheim}, K. and {Maraschi}, L. and 
	{Mariotti}, M. and {Mart{\'{\i}}nez}, M. and {Mazin}, D. and 
	{Meucci}, M. and {Miranda}, J.~M. and {Mirzoyan}, R. and {Miyamoto}, H. and 
	{Mold{\'o}n}, J. and {Moralejo}, A. and {Munar-Adrover}, P. and 
	{Nieto}, D. and {Nilsson}, K. and {Orito}, R. and {Oya}, I. and 
	{Paneque}, D. and {Paoletti}, R. and {Pardo}, S. and {Paredes}, J.~M. and 
	{Partini}, S. and {Pasanen}, M. and {Pauss}, F. and {Perez-Torres}, M.~A. and 
	{Persic}, M. and {Peruzzo}, L. and {Pilia}, M. and {Pochon}, J. and 
	{Prada}, F. and {Prada Moroni}, P.~G. and {Prandini}, E. and 
	{Puljak}, I. and {Reichardt}, I. and {Reinthal}, R. and {Rhode}, W. and 
	{Rib{\'o}}, M. and {Rico}, J. and {R{\"u}gamer}, S. and {Saggion}, A. and 
	{Saito}, K. and {Saito}, T.~Y. and {Salvati}, M. and {Satalecka}, K. and 
	{Scalzotto}, V. and {Scapin}, V. and {Schultz}, C. and {Schweizer}, T. and 
	{Shayduk}, M. and {Shore}, S.~N. and {Sillanp{\"a}{\"a}}, A. and 
	{Sitarek}, J. and {Sobczynska}, D. and {Spanier}, F. and {Spiro}, S. and 
	{Stamerra}, A. and {Steinke}, B. and {Storz}, J. and {Strah}, N. and 
	{Suri{\'c}}, T. and {Takalo}, L. and {Takami}, H. and {Tavecchio}, F. and 
	{Temnikov}, P. and {Terzi{\'c}}, T. and {Tescaro}, D. and {Teshima}, M. and 
	{Tibolla}, O. and {Torres}, D.~F. and {Treves}, A. and {Uellenbeck}, M. and 
	{Vankov}, H. and {Vogler}, P. and {Wagner}, R.~M. and {Weitzel}, Q. and 
	{Zabalza}, V. and {Zandanel}, F. and {Zanin}, R.},
  journal = {ApJ},
  year = {2012},
  volume = {746},
  pages = {80},
  owner = {monkeysontheloose},
  timestamp = {2011.07.28}
}

@ARTICLE{Burrows,
  author = {D.N. Burrows and others},
  journal = {Space Sci. Rev.},
  year = {2005},
  volume = {120},
  pages = {165},
  owner = {monkeysontheloose},
  timestamp = {2011.07.28}
}
@ARTICLE{Abdo2009b,
  author = {A. Abdo and others},
  journal = {Phys. Rev. D},
  year = {2009},
  volume = {80},
  pages = {12},
  owner = {monkeysontheloose},
  timestamp = {2011.07.28}
}

 @ARTICLE{Atwood,
  author = {W.B. Atwood and others},
  journal = {ApJ},
  year = {2009},
  volume = {697},
  pages = {1071},
  owner = {monkeysontheloose},
  timestamp = {2011.07.28}
 }

 @ARTICLE{Bednarek,
  author = {W. Bednarek},
  journal = {MNRAS Letters},
  year = {2011},
  volume = {418},
  pages = {1},
  owner = {monkeysontheloose},
  timestamp = {2011.07.28}
 }

 @ARTICLE{Rea2010,
  author = {N. Rea and others},
  journal = {MNRAS},
  year = {2010},
  volume = {405},
  pages = {2206},
  owner = {monkeysontheloose},
  timestamp = {2011.07.28}
 }

 @ARTICLE{MaraschiandTreves,
  author = {L. Maraschi and A. Treves},
  journal = {MNRAS},
  year = {1981},
  volume = {194},
  pages = {1},
  owner = {monkeysontheloose},
  timestamp = {2011.07.28}
 }

 @ARTICLE{Dubus,
  author = {G. Dubus},
  journal = {A$\&$A},
  year = {2006},
  volume = {3},
  pages = {801},
  owner = {monkeysontheloose},
  timestamp = {2011.07.28}
 }

 @ARTICLE{radiosearch1,
  author = {A. Ca{\~n}ella and others},
  journal = {A$\&$A},
  year = {2012},
  volume = {543},
  pages = {122},
  owner = {monkeysontheloose},
  timestamp = {2011.07.28}
 }

 @ARTICLE{radiosearch2,
  author = {V. McSwain and others},
  journal = {ApJ},
  year = {2011},
  volume = {738},
  pages = {1},
  owner = {monkeysontheloose},
  timestamp = {2011.07.28}
 }

 @ARTICLE{VERITAS,
  author = {{Holder}, J. and {Acciari}, V.~A. and {Aliu}, E. and {Arlen}, T. and 
	{Beilicke}, M. and {Benbow}, W. and {Bradbury}, S.~M. and {Buckley}, J.~H. and 
	{Bugaev}, V. and {Butt}, Y. and {Byrum}, K.~L. and {Cannon}, A. and 
	{Celik}, O. and {Cesarini}, A. and {Ciupik}, L. and {Chow}, Y.~C.~K. and 
	{Cogan}, P. and {Colin}, P. and {Cui}, W. and {Daniel}, M.~K. and 
	{Ergin}, T. and {Falcone}, A.~D. and {Fegan}, S.~J. and {Finley}, J.~P. and 
	{Finnegan}, G. and {Fortin}, P. and {Fortson}, L.~F. and {Furniss}, A. and 
	{Gillanders}, G.~H. and {Grube}, J. and {Guenette}, R. and {Gyuk}, G. and 
	{Hanna}, D. and {Hays}, E. and {Horan}, D. and {Hui}, C.~M. and 
	{Humensky}, T.~B. and {Imran}, A. and {Kaaret}, P. and {Karlsson}, N. and 
	{Kertzman}, M. and {Kieda}, D.~B. and {Kildea}, J. and {Konopelko}, A. and 
	{Krawczynski}, H. and {Krennrich}, F. and {Lang}, M.~J. and 
	{Lebohec}, S. and {Maier}, G. and {McCann}, A. and {McCutcheon}, M. and 
	{Moriarty}, P. and {Mukherjee}, R. and {Nagai}, T. and {Niemiec}, J. and 
	{Ong}, R.~A. and {Pandel}, D. and {Perkins}, J.~S. and {Pohl}, M. and 
	{Quinn}, J. and {Ragan}, K. and {Reyes}, L.~C. and {Reynolds}, P.~T. and 
	{Rose}, H.~J. and {Schroedter}, M. and {Sembroski}, G.~H. and 
	{Smith}, A.~W. and {Steele}, D. and {Swordy}, S.~P. and {Toner}, J.~A. and 
	{Valcarcel}, L. and {Vassiliev}, V.~V. and {Wagner}, R. and 
	{Wakely}, S.~P. and {Ward}, J.~E. and {Weekes}, T.~C. and {Weinstein}, A. and 
	{White}, R.~J. and {Williams}, D.~A. and {Wissel}, S.~A. and 
	{Wood}, M. and {Zitzer}, B.},
  journal = {American Institute of Physics Conference Series},
  year = {2008},
  volume = {1085},
  pages = {657},
  owner = {monkeysontheloose},
  timestamp = {2011.07.28}
 }

@ARTICLE{Fermi2cat,
  author = {P.B. Nolan and others},
  journal = {ApJ Supp.},
  year = {2012},
  volume = {199},
  pages = {31N},
  owner = {monkeysontheloose},
  timestamp = {2011.07.28}
 }

@ARTICLE{TorresXray,
  author = {D.F. Torres and others},
  journal = {ApJ Lett.},
  year = {2010},
  volume = {719},
  pages = {L104-L108},
  owner = {monkeysontheloose},
  timestamp = {2011.07.28}
 }
@ARTICLE{Zhang2010,
  author = {S. Zhang and others},
  journal = {MNRAS},
  year = {2010},
  volume = {408},
  pages = {642},
  owner = {monkeysontheloose},
  timestamp = {2011.07.28}
 }

@ARTICLE{Chernya2012,
  author = {M. Chernyakova and others},
  journal = {ApJ. Lett.},
  year = {2012},
  volume = {747},
  pages = {L29},
  owner = {monkeysontheloose},
  timestamp = {2011.07.28}
 }

@ARTICLE{Fermi2013,
  author = {D. Hadasch and others},
  journal = {Accepted for publication in The Astrophysical Journal Letters},
  year = {2013},
  volume = {astro-ph/1307.6384},
  pages = {},
  owner = {monkeysontheloose},
  timestamp = {2011.07.28}
 }

@ARTICLE{Pasquale2008,
  author = {M. De Pasquale and others},
  journal = {GRB Coordinates Network},
  year = {2008},
  volume = {8209},
  pages = {1},
  owner = {monkeysontheloose},
  timestamp = {2011.07.28}
 }

@ARTICLE{Burrows2012,
  author = {D.N. Burrows},
  journal = {GRB Coordinates Network},
  year = {2012},
  volume = {12914},
  pages = {1},
  owner = {monkeysontheloose},
  timestamp = {2011.07.28}
 }

@ARTICLE{Papitto2012,
  author = {A. Papitto, D. Torres, N. Rea},
  journal = {The Astrophysical Journal},
  year = {2012},
  volume = {756},
  pages = {188},
  owner = {monkeysontheloose},
  timestamp = {2011.07.28}
 }

@ARTICLE{Sierpowski2008,
  author = {A. Sierpowska-Bartosik and D. Torres},
  journal = {Astroparticle Physics},
  year = {2008},
  volume = {30},
  pages = {239},
  owner = {monkeysontheloose},
  timestamp = {2011.07.28}
 }

@ARTICLE{2015A&A...575L...9M,
   author = {{Massi}, M. and {Jaron}, F. and {Hovatta}, T.},
    title = "{Long-term OVRO monitoring of LS I +61{\deg}303: confirmation of the two close periodicities}",
  journal = {\aap},
archivePrefix = "arXiv",
   eprint = {1502.00934},
 primaryClass = "astro-ph.HE",
 keywords = {radio continuum: stars, X-rays: binaries, X-rays: individuals: LSI +61{\amp}deg;303, gamma rays: stars},
     year = 2015,
    month = mar,
   volume = 575,
      eid = {L9},
    pages = {L9},
      doi = {10.1051/0004-6361/201525643},
   adsurl = {http://adsabs.harvard.edu/abs/2015A%26A...575L...9M},
  adsnote = {Provided by the SAO/NASA Astrophysics Data System}
}

@ARTICLE{2011ApJ...738....3A,
   author = {{Acciari}, V.~A. and {Aliu}, E. and {Arlen}, T. and {Aune}, T. and 
	{Beilicke}, M. and {Benbow}, W. and {Bradbury}, S.~M. and {Buckley}, J.~H. and 
	{Bugaev}, V. and {Byrum}, K. and {Cannon}, A. and {Cesarini}, A. and 
	{Ciupik}, L. and {Collins-Hughes}, E. and {Connolly}, M.~P. and 
	{Cui}, W. and {Dickherber}, R. and {Duke}, C. and {Errando}, M. and 
	{Falcone}, A. and {Finley}, J.~P. and {Finnegan}, G. and {Fortson}, L. and 
	{Furniss}, A. and {Galante}, N. and {Gall}, D. and {Gillanders}, G.~H. and 
	{Godambe}, S. and {Griffin}, S. and {Grube}, J. and {Guenette}, R. and 
	{Gyuk}, G. and {Hanna}, D. and {Holder}, J. and {Hughes}, G. and 
	{Hui}, C.~M. and {Humensky}, T.~B. and {Kaaret}, P. and {Karlsson}, N. and 
	{Kertzman}, M. and {Kieda}, D. and {Krawczynski}, H. and {Krennrich}, F. and 
	{Lang}, M.~J. and {LeBohec}, S. and {Maier}, G. and {Majumdar}, P. and 
	{McArthur}, S. and {McCann}, A. and {Moriarty}, P. and {Mukherjee}, R. and 
	{Ong}, R.~A. and {Orr}, M. and {Otte}, A.~N. and {Park}, N. and 
	{Perkins}, J.~S. and {Pohl}, M. and {Prokoph}, H. and {Quinn}, J. and 
	{Ragan}, K. and {Reyes}, L.~C. and {Reynolds}, P.~T. and {Roache}, E. and 
	{Rose}, H.~J. and {Ruppel}, J. and {Saxon}, D.~B. and {Schroedter}, M. and 
	{Sembroski}, G.~H. and {Senturk}, G.~D. and {Smith}, A.~W. and 
	{Staszak}, D. and {Te{\v s}i{\'c}}, G. and {Theiling}, M. and 
	{Thibadeau}, S. and {Tsurusaki}, K. and {Varlotta}, A. and {Vassiliev}, V.~V. and 
	{Vincent}, S. and {Vivier}, M. and {Wakely}, S.~P. and {Ward}, J.~E. and 
	{Weekes}, T.~C. and {Weinstein}, A. and {Weisgarber}, T. and 
	{Williams}, D.~A. and {Zitzer}, B.},
    title = "{VERITAS Observations of the TeV Binary LS I +61{\deg} 303 During 2008-2010}",
  journal = {\apj},
archivePrefix = "arXiv",
   eprint = {1105.0449},
 primaryClass = "astro-ph.HE",
 keywords = {binaries: general, gamma rays: general, X-rays: binaries},
     year = 2011,
    month = sep,
   volume = 738,
      eid = {3},
    pages = {3},
      doi = {10.1088/0004-637X/738/1/3},
   adsurl = {http://adsabs.harvard.edu/abs/2011ApJ...738....3A},
  adsnote = {Provided by the SAO/NASA Astrophysics Data System}
}

@ARTICLE{2013ApJ...779...88A,
   author = {{Aliu}, E. and {Archambault}, S. and {Behera}, B. and {Berger}, K. and 
	{Beilicke}, M. and {Benbow}, W. and {Bird}, R. and {Bouvier}, A. and 
	{Bugaev}, V. and {Cerruti}, M. and {Chen}, X. and {Ciupik}, L. and 
	{Connolly}, M.~P. and {Cui}, W. and {Dumm}, J. and {Falcone}, A. and 
	{Federici}, S. and {Feng}, Q. and {Finley}, J.~P. and {Fortin}, P. and 
	{Fortson}, L. and {Furniss}, A. and {Galante}, N. and {Gillanders}, G.~H. and 
	{Griffin}, S. and {Griffiths}, S.~T. and {Grube}, J. and {Gyuk}, G. and 
	{Hanna}, D. and {Holder}, J. and {Hughes}, G. and {Humensky}, T.~B. and 
	{Kaaret}, P. and {Kertzman}, M. and {Khassen}, Y. and {Kieda}, D. and 
	{Krennrich}, F. and {Lang}, M.~J. and {Maier}, G. and {Majumdar}, P. and 
	{McArthur}, S. and {McCann}, A. and {Moriarty}, P. and {Mukherjee}, R. and 
	{O'Faol{\'a}in de Bhr{\'o}ithe}, A. and {Ong}, R.~A. and {Otte}, A.~N. and 
	{Park}, N. and {Perkins}, J.~S. and {Pohl}, M. and {Popkow}, A. and 
	{Prokoph}, H. and {Quinn}, J. and {Ragan}, K. and {Rajotte}, J. and 
	{Ratliff}, G. and {Reynolds}, P.~T. and {Richards}, G.~T. and 
	{Roache}, E. and {Sembroski}, G.~H. and {Sheidaei}, F. and {Skole}, C. and 
	{Smith}, A.~W. and {Staszak}, D. and {Telezhinsky}, I. and {Tyler}, J. and 
	{Varlotta}, A. and {Vincent}, S. and {Wakely}, S.~P. and {Weekes}, T.~C. and 
	{Weinstein}, A. and {Welsing}, R. and {Zajczyk}, A. and {Zitzer}, B.
	},
    title = "{Multiwavelength Observations of the TeV Binary LS I +61{\deg} 303 with VERITAS, Fermi-LAT, and Swift/XRT during a TeV Outburst}",
  journal = {\apj},
archivePrefix = "arXiv",
   eprint = {1310.7913},
 primaryClass = "astro-ph.HE",
 keywords = {acceleration of particles, binaries: general, gamma rays: stars, relativistic processes, X-rays: binaries },
     year = 2013,
    month = dec,
   volume = 779,
      eid = {88},
    pages = {88},
      doi = {10.1088/0004-637X/779/1/88},
   adsurl = {http://adsabs.harvard.edu/abs/2013ApJ...779...88A},
  adsnote = {Provided by the SAO/NASA Astrophysics Data System}
}

@INPROCEEDINGS{KiedaVTSUpgrade,
   author = {{Kieda, D.}},
    title = "{The Gamma Ray Detection sensitivity of the upgraded VERITAS Observatory}",
  booktitle = {Proceedings of the 33rd International Cosmic Ray Conference (ICRC2013)},
archivePrefix = "arXiv",
   eprint = {1308.4849},
 primaryClass = "astro-ph.IM",
 keywords = {Astrophysics - Instrumentation and Methods for Astrophysics, Astrophysics - High Energy Astrophysical Phenomena},
     year = 2013,
    month = aug,
   adsurl = {http://adsabs.harvard.edu/abs/2013arXiv1308.4849D},
  adsnote = {Provided by the SAO/NASA Astrophysics Data System}
}

@article{LiMa,
abstract = {The procedures in current use for analyzing the results of gamma-ray astronomy experiments are assessed. Two formulas are proposed for estimating the significance of positive observations in searching gamma-ray sources or lines. The correctness of the formulas is tested with the aid of Monte Carlo simulations. One formula is derived by immediately estimating the standard deviation of the observed signal NS; the other is derived by applying the method of the statistical hypotheses test.},
author = {Li, T.-P. and Ma, Y.-Q.},
doi = {10.1086/161295},
file = {:home/anna/Documents/papers/1983ApJ...272..317L.pdf:pdf},
issn = {0004-637X},
journal = {The Astrophysical Journal},
month = sep,
pages = {317},
title = {{Analysis methods for results in gamma-ray astronomy}},
url = {http://adsabs.harvard.edu/abs/1983ApJ...272..317L},
volume = {272},
year = {1983}
}

@ARTICLE{2005Sci...309..746A,
   author = {{Aharonian}, F. and {Akhperjanian}, A.~G. and {Aye}, K.-M. and 
	{Bazer-Bachi}, A.~R. and {Beilicke}, M. and {Benbow}, W. and 
	{Berge}, D. and {Berghaus}, P. and {Bernl{\"o}hr}, K. and {Boisson}, C. and 
	{Bolz}, O. and {Borrel}, V. and {Braun}, I. and {Breitling}, F. and 
	{Brown}, A.~M. and {Gordo}, J.~B. and {Chadwick}, P.~M. and 
	{Chounet}, L.-M. and {Cornils}, R. and {Costamante}, L. and 
	{Degrange}, B. and {Dickinson}, H.~J. and {Djannati-Ata{\"i}}, A. and 
	{Drury}, L.~O. and {Dubus}, G. and {Emmanoulopoulos}, D. and 
	{Espigat}, P. and {Feinstein}, F. and {Fleury}, P. and {Fontaine}, G. and 
	{Fuchs}, Y. and {Funk}, S. and {Gallant}, Y.~A. and {Giebels}, B. and 
	{Gillessen}, S. and {Glicenstein}, J.~F. and {Goret}, P. and 
	{Hadjichristidis}, C. and {Hauser}, M. and {Heinzelmann}, G. and 
	{Henri}, G. and {Hermann}, G. and {Hinton}, J.~A. and {Hofmann}, W. and 
	{Holleran}, M. and {Horns}, D. and {Jacholkowska}, A. and {de Jager}, O.~C. and 
	{Kh{\'e}lifi}, B. and {Komin}, N. and {Konopelko}, A. and {Latham}, I.~J. and 
	{Le Gallou}, R. and {Lemi{\`e}re}, A. and {Lemoine-Goumard}, M. and 
	{Leroy}, N. and {Lohse}, T. and {Marcowith}, A. and {Martin}, J.-M. and 
	{Martineau-Huynh}, O. and {Masterson}, C. and {McComb}, T.~J.~L. and 
	{de Naurois}, M. and {Nolan}, S.~J. and {Noutsos}, A. and {Orford}, K.~J. and 
	{Osborne}, J.~L. and {Ouchrif}, M. and {Panter}, M. and {Pelletier}, G. and 
	{Pita}, S. and {P{\"u}hlhofer}, G. and {Punch}, M. and {Raubenheimer}, B.~C. and 
	{Raue}, M. and {Raux}, J. and {Rayner}, S.~M. and {Reimer}, A. and 
	{Reimer}, O. and {Ripken}, J. and {Rob}, L. and {Rolland}, L. and 
	{Rowell}, G. and {Sahakian}, V. and {Saug{\'e}}, L. and {Schlenker}, S. and 
	{Schlickeiser}, R. and {Schuster}, C. and {Schwanke}, U. and 
	{Siewert}, M. and {Sol}, H. and {Spangler}, D. and {Steenkamp}, R. and 
	{Stegmann}, C. and {Tavernet}, J.-P. and {Terrier}, R. and {Th{\'e}oret}, C.~G. and 
	{Tluczykont}, M. and {Vasileiadis}, G. and {Venter}, C. and 
	{Vincent}, P. and {V{\"o}lk}, H.~J. and {Wagner}, S.~J.},
    title = "{Discovery of Very High Energy Gamma Rays Associated with an X-ray Binary}",
  journal = {Science},
   eprint = {astro-ph/0508298},
     year = 2005,
   volume = 309,
    pages = {746-749},
      doi = {10.1126/science.1113764},
   adsurl = {http://adsabs.harvard.edu/abs/2005Sci...309..746A},
  adsnote = {Provided by the SAO/NASA Astrophysics Data System}
}

@ARTICLE{2005A&A...442....1A,
   author = {{Aharonian}, F. and {Akhperjanian}, A.~G. and {Aye}, K.-M. and 
	{Bazer-Bachi}, A.~R. and {Beilicke}, M. and {Benbow}, W. and 
	{Berge}, D. and {Berghaus}, P. and {Bernl{\"o}hr}, K. and {Boisson}, C. and 
	{Bolz}, O. and {Braun}, I. and {Breitling}, F. and {Brown}, A.~M. and 
	{Bussons Gordo}, J. and {Chadwick}, P.~M. and {Chounet}, L.-M. and 
	{Cornils}, R. and {Costamante}, L. and {Degrange}, B. and {Djannati-Ata{\"i}}, A. and 
	{O'C.~Drury}, L. and {Dubus}, G. and {Emmanoulopoulos}, D. and 
	{Espigat}, P. and {Feinstein}, F. and {Fleury}, P. and {Fontaine}, G. and 
	{Fuchs}, Y. and {Funk}, S. and {Gallant}, Y.~A. and {Giebels}, B. and 
	{Gillessen}, S. and {Glicenstein}, J.~F. and {Goret}, P. and 
	{Hadjichristidis}, C. and {Hauser}, M. and {Heinzelmann}, G. and 
	{Henri}, G. and {Hermann}, G. and {Hinton}, J.~A. and {Hofmann}, W. and 
	{Holleran}, M. and {Horns}, D. and {de Jager}, O.~C. and {Johnston}, S. and 
	{Kh{\'e}lifi}, B. and {Kirk}, J.~G. and {Komin}, N. and {Konopelko}, A. and 
	{Latham}, I.~J. and {Le Gallou}, R. and {Lemi{\`e}re}, A. and 
	{Lemoine-Goumard}, M. and {Leroy}, N. and {Martineau-Huynh}, O. and 
	{Lohse}, T. and {Marcowith}, A. and {Masterson}, C. and {McComb}, T.~J.~L. and 
	{de Naurois}, M. and {Nolan}, S.~J. and {Noutsos}, A. and {Orford}, K.~J. and 
	{Osborne}, J.~L. and {Ouchrif}, M. and {Panter}, M. and {Pelletier}, G. and 
	{Pita}, S. and {P{\"u}hlhofer}, G. and {Punch}, M. and {Raubenheimer}, B.~C. and 
	{Raue}, M. and {Raux}, J. and {Rayner}, S.~M. and {Redondo}, I. and 
	{Reimer}, A. and {Reimer}, O. and {Ripken}, J. and {Rob}, L. and 
	{Rolland}, L. and {Rowell}, G. and {Sahakian}, V. and {Saug{\'e}}, L. and 
	{Schlenker}, S. and {Schlickeiser}, R. and {Schuster}, C. and 
	{Schwanke}, U. and {Siewert}, M. and {Skj{\ae}raasen}, O. and 
	{Sol}, H. and {Steenkamp}, R. and {Stegmann}, C. and {Tavernet}, J.-P. and 
	{Terrier}, R. and {Th{\'e}oret}, C.~G. and {Tluczykont}, M. and 
	{Vasileiadis}, G. and {Venter}, C. and {Vincent}, P. and {V{\"o}lk}, H.~J. and 
	{Wagner}, S.~J.},
    title = "{Discovery of the binary pulsar PSR B1259-63 in very-high-energy gamma rays around periastron with HESS}",
  journal = {\aap},
   eprint = {astro-ph/0506280},
 keywords = {gamma-rays: observations, stars: pulsars: individual: PSR B1259-63},
     year = 2005,
    month = oct,
   volume = 442,
    pages = {1-10},
      doi = {10.1051/0004-6361:20052983},
   adsurl = {http://adsabs.harvard.edu/abs/2005A%26A...442....1A},
  adsnote = {Provided by the SAO/NASA Astrophysics Data System}
}

@ARTICLE{2009ApJ...698L..94A,
   author = {{Acciari}, V.~A. and {Aliu}, E. and {Arlen}, T. and {Beilicke}, M. and 
	{Benbow}, W. and {Boltuch}, D. and {Bradbury}, S.~M. and {Buckley}, J.~H. and 
	{Bugaev}, V. and {Byrum}, K. and {Cannon}, A. and {Cesarini}, A. and 
	{Cesarini}, A. and {Chow}, Y.~C. and {Ciupik}, L. and {Cogan}, P. and 
	{Dickherber}, R. and {Duke}, C. and {Ergin}, T. and {Falcone}, A. and 
	{Fegan}, S.~J. and {Finley}, J.~P. and {Finnegan}, G. and {Fortin}, P. and 
	{Fortson}, L. and {Furniss}, A. and {Gibbs}, K. and {Gillanders}, G.~H. and 
	{Grube}, J. and {Guenette}, R. and {Gyuk}, G. and {Hanna}, D. and 
	{Holder}, J. and {Horan}, D. and {Hui}, C.~M. and {Humensky}, T.~B. and 
	{Imran}, A. and {Kaaret}, P. and {Karlsson}, N. and {Kertzman}, M. and 
	{Kieda}, D. and {Kildea}, J. and {Konopelko}, A. and {Krawczynski}, H. and 
	{Krennrich}, F. and {Lang}, M.~J. and {LeBohec}, S. and {LeBohec}, S. and 
	{Maier}, G. and {McCann}, A. and {McCutcheon}, M. and {Millis}, J. and 
	{Millis}, J. and {Moriarty}, P. and {Mukherjee}, R. and {Ong}, R.~A. and 
	{Otte}, A.~N. and {Pandel}, D. and {Perkins}, J.~S. and {Petry}, D. and 
	{Pohl}, M. and {Quinn}, J. and {Ragan}, K. and {Reyes}, L.~C. and 
	{Reynolds}, P.~T. and {Rose}, H.~J. and {Schroedter}, M. and 
	{Sembroski}, G.~H. and {Smith}, A.~W. and {Steele}, D. and {Swordy}, S. and 
	{Theiling}, M. and {Toner}, J.~A. and {Varlotta}, A. and {Vassiliev}, V.~V. and 
	{Vincent}, S. and {Wagner}, R.~G. and {Wakely}, S.~P. and {Ward}, J.~E. and 
	{Weekes}, T.~C. and {Weinstein}, A. and {Weisgarber}, T. and 
	{Williams}, D.~A. and {Wissel}, S. and {Wood}, M.},
    title = "{Evidence for Long-Term Gamma-Ray and X-Ray Variability from the Unidentified TeV Source HESS J0632+057}",
  journal = {\apjl},
archivePrefix = "arXiv",
   eprint = {0905.3139},
 primaryClass = "astro-ph.HE",
 keywords = {acceleration of particles, binaries: general, gamma rays: observations, stars: individual: HESS J0632+057 MWC 148},
     year = 2009,
    month = jun,
   volume = 698,
    pages = {L94-L97},
      doi = {10.1088/0004-637X/698/2/L94},
   adsurl = {http://adsabs.harvard.edu/abs/2009ApJ...698L..94A},
  adsnote = {Provided by the SAO/NASA Astrophysics Data System}
}

@ARTICLE{2015arXiv150302711H,
   author = {{Abramowski}, A. and 
	{Aharonian}, F. and {Ait Benkhali}, F. and {Akhperjanian}, A.~G. and 
	{Ang{\"u}ner}, E.~O. and {Backes}, M. and {Balzer}, A. and {Becherini}, Y. and et al.},
    title = "{Discovery of variable VHE gamma-ray emission from the binary system 1FGL J1018.6-5856}",
  journal = {\aap},
archivePrefix = "arXiv",
   eprint = {1503.02711},
 primaryClass = "astro-ph.HE",
 keywords = {gamma rays: stars, stars: individual: 1FGL J1018.6-5856, radiation mechanisms: non-thermal, acceleration of particles, X-rays: binaries},
     year = 2015,
    month = may,
   volume = 577,
    pages = {A131},
      doi = {10.1051/0004-6361/201525699},
   adsurl = {http://adsabs.harvard.edu/abs/2015A%26A...577A.131H},
  adsnote = {Provided by the SAO/NASA Astrophysics Data System}
}

@ARTICLE{2015VTSATEL,
author = { {Holder}, J. },
journal = {The Astronomer's Telegram},
year = {2015},
volume = {6785},
title = {{VERITAS Detection of Historically Bright TeV Flares From LS I +61 303}},
url = {http://www.astronomerstelegram.org/?read=6785}
}

@ARTICLE{2008MNRAS.383..467K,
   author = {{Khangulyan}, D. and {Aharonian}, F. and {Bosch-Ramon}, V.},
    title = "{On the formation of TeV radiation in LS 5039}",
  journal = {\mnras},
archivePrefix = "arXiv",
   eprint = {0707.1689},
 keywords = {stars: individual: LS 5039 , gamma-rays: observations , gamma-rays: theory , X-rays: binaries},
     year = 2008,
    month = jan,
   volume = 383,
    pages = {467-478},
      doi = {10.1111/j.1365-2966.2007.12572.x},
   adsurl = {http://adsabs.harvard.edu/abs/2008MNRAS.383..467K},
  adsnote = {Provided by the SAO/NASA Astrophysics Data System}
}

@ARTICLE{2013A&ARv..21...64D,
   author = {{Dubus}, G.},
    title = "{Gamma-ray binaries and related systems}",
  journal = {\aapr},
archivePrefix = "arXiv",
   eprint = {1307.7083},
 primaryClass = "astro-ph.HE",
 keywords = {Acceleration of particles, Radiation mechanisms: non-thermal, Stars: massive, Novae, Pulsars: general, ISM: jets and outflows, Gamma rays: stars, X-rays: binaries},
     year = 2013,
    month = aug,
   volume = 21,
      eid = {64},
    pages = {64},
      doi = {10.1007/s00159-013-0064-5},
   adsurl = {http://adsabs.harvard.edu/abs/2013A%26ARv..21...64D},
  adsnote = {Provided by the SAO/NASA Astrophysics Data System}
}

@ARTICLE{Paredes-Fortuny2014,
  author = {{Paredes-Fortuny}, X. and {Bosch-Ramon}, V. and {Perucho}, M. and {Rib\'{o}}, M.},
   title = {Simulations of an inhomogeneous stellar wind interacting  with a pulsar wind in a binary system},
     DOI = "10.1051/0004-6361/201424672",
     url = "http://dx.doi.org/10.1051/0004-6361/201424672",
 journal = {A\&A},
    year = 2015,
  volume = 574,
   pages = "A77",
   month = "",
}
@ARTICLE{Rolke,
   author = {{Rolke}, W.~A. and {L{\'o}pez}, A.~M. and {Conrad}, J.},
    title = "{Limits and confidence intervals in the presence of nuisance parameters}",
  journal = {Nuclear Instruments and Methods in Physics Research A},
   eprint = {physics/0403059},
     year = 2005,
    month = oct,
   volume = 551,
    pages = {493-503},
      doi = {10.1016/j.nima.2005.05.068},
   adsurl = {http://adsabs.harvard.edu/abs/2005NIMPA.551..493R},
  adsnote = {Provided by the SAO/NASA Astrophysics Data System}
}

@ARTICLE{1991AJ....101.2126F,
   author = {{Frail}, D.~A. and {Hjellming}, R.~M.},
    title = "{Distance and total column density to the periodic radio star LSI + 61 deg 303}",
  journal = {\aj},
 keywords = {Gas Density, H I Regions, Radio Stars, Absorption Spectra, Carbon Monoxide, Distance, Emission Spectra, Hydrogen, Radio Emission},
     year = 1991,
    month = jun,
   volume = 101,
    pages = {2126-2130},
      doi = {10.1086/115833},
   adsurl = {http://adsabs.harvard.edu/abs/1991AJ....101.2126F},
  adsnote = {Provided by the SAO/NASA Astrophysics Data System}
}

@ARTICLE{2010ApJ...722..520A,
   author = {{Abdo}, A.~A. and others},
    title = "{Gamma-ray Light Curves and Variability of Bright Fermi-detected Blazars}",
  journal = {\apj},
archivePrefix = "arXiv",
   eprint = {1004.0348},
 primaryClass = "astro-ph.HE",
 keywords = {BL Lacertae objects: general, gamma rays: galaxies, gamma rays: general, methods: data analysis, methods: statistical, quasars: general},
     year = 2010,
    month = oct,
   volume = 722,
    pages = {520-542},
      doi = {10.1088/0004-637X/722/1/520},
   adsurl = {http://adsabs.harvard.edu/abs/2010ApJ...722..520A},
  adsnote = {Provided by the SAO/NASA Astrophysics Data System}
}

@ARTICLE{2015MNRAS.451..581L,
   author = {{Lyne}, A.~G. and {Stappers}, B.~W. and {Keith}, M.~J. and {Ray}, P.~S. and {Kerr}, M. and {Camilo}, F. and {Johnson}, T.~J.},
    title = "{The binary nature of PSR J2032+4127}",
  journal = {\mnras},
archivePrefix = "arXiv",
   eprint = {1502.01465},
 primaryClass = "astro-ph.HE",
 keywords = {binaries: eclipsing, stars: individual: MT91 213, stars: neutron, pulsars: individual: J2032+4127, Be stars, open clusters and associations: individual: Cyg OB2},
     year = 2015,
    month = jul,
   volume = 451,
    pages = {581-587},
      doi = {10.1093/mnras/stv236},
   adsurl = {http://adsabs.harvard.edu/abs/2015MNRAS.451..581L},
  adsnote = {Provided by the SAO/NASA Astrophysics Data System}
}

@ARTICLE{2007A&A...469L...1A,
   author = {{Aharonian}, F.~A. and {Akhperjanian}, A.~G. and {Bazer-Bachi}, A.~R. and 
	{Behera}, B. and {Beilicke}, M. and {Benbow}, W. and {Berge}, D. and 
	{Bernl{\"o}hr}, K. and {Boisson}, C. and {Bolz}, O. and {Borrel}, V. and 
	{Braun}, I. and {Brion}, E. and {Brown}, A.~M. and {B{\"u}hler}, R. and 
	{B{\"u}sching}, I. and {Boutelier}, T. and {Carrigan}, S. and 
	{Chadwick}, P.~M. and {Chounet}, L.-M. and {Coignet}, G. and 
	{Cornils}, R. and {Costamante}, L. and {Degrange}, B. and {Dickinson}, H.~J. and 
	{Djannati-Ata{\"i}}, A. and {Domainko}, W. and {O'C.~Drury}, L. and 
	{Dubus}, G. and {Egberts}, K. and {Emmanoulopoulos}, D. and 
	{Espigat}, P. and {Farnier}, C. and {Feinstein}, F. and {Fiasson}, A. and 
	{F{\"o}rster}, A. and {Fontaine}, G. and {Funk}, S. and {Funk}, S. and 
	{F{\"u}{\ss}ling}, M. and {Gallant}, Y.~A. and {Giebels}, B. and 
	{Glicenstein}, J.~F. and {Gl{\"u}ck}, B. and {Goret}, P. and 
	{Hadjichristidis}, C. and {Hauser}, D. and {Hauser}, M. and 
	{Heinzelmann}, G. and {Henri}, G. and {Hermann}, G. and {Hinton}, J.~A. and 
	{Hoffmann}, A. and {Hofmann}, W. and {Holleran}, M. and {Hoppe}, S. and 
	{Horns}, D. and {Jacholkowska}, A. and {de Jager}, O.~C. and 
	{Kendziorra}, E. and {Kerschhaggl}, M. and {Kh{\'e}lifi}, B. and 
	{Komin}, N. and {Kosack}, K. and {Lamanna}, G. and {Latham}, I.~J. and 
	{Le Gallou}, R. and {Lemi{\`e}re}, A. and {Lemoine-Goumard}, M. and 
	{Lohse}, T. and {Martin}, J.~M. and {Martineau-Huynh}, O. and 
	{Marcowith}, A. and {Masterson}, C. and {Maurin}, G. and {McComb}, T.~J.~L. and 
	{Moulin}, E. and {de Naurois}, M. and {Nedbal}, D. and {Nolan}, S.~J. and 
	{Noutsos}, A. and {Olive}, J.-P. and {Orford}, K.~J. and {Osborne}, J.~L. and 
	{Panter}, M. and {Pedaletti}, G. and {Pelletier}, G. and {Petrucci}, P.-O. and 
	{Pita}, S. and {P{\"u}hlhofer}, G. and {Punch}, M. and {Ranchon}, S. and 
	{Raubenheimer}, B.~C. and {Raue}, M. and {Rayner}, S.~M. and 
	{Reimer}, O. and {Ripken}, J. and {Rob}, L. and {Rolland}, L. and 
	{Rosier-Lees}, S. and {Rowell}, G. and {Ruppel}, J. and {Sahakian}, V. and 
	{Santangelo}, A. and {Saug{\'e}}, L. and {Schlenker}, S. and 
	{Schlickeiser}, R. and {Schr{\"o}der}, R. and {Schwanke}, U. and 
	{Schwarzburg}, S. and {Schwemmer}, S. and {Shalchi}, A. and 
	{Sol}, H. and {Spangler}, D. and {Steenkamp}, R. and {Stegmann}, C. and 
	{Superina}, G. and {Tam}, P.~H. and {Tavernet}, J.-P. and {Terrier}, R. and 
	{Tluczykont}, M. and {van Eldik}, C. and {Vasileiadis}, G. and 
	{Venter}, C. and {Vialle}, J.~P. and {Vincent}, P. and {V{\"o}lk}, H.~J. and 
	{Wagner}, S.~J. and {Ward}, M. and {Moriguchi}, Y. and {Fukui}, Y.
	},
    title = "{Discovery of a point-like very-high-energy {$\gamma$}-ray source in Monoceros}",
  journal = {\aap},
archivePrefix = "arXiv",
   eprint = {0704.0171},
 keywords = {gamma rays: observations},
     year = 2007,
    month = jul,
   volume = 469,
    pages = {L1-L4},
      doi = {10.1051/0004-6361:20077299},
   adsurl = {http://adsabs.harvard.edu/abs/2007A%26A...469L...1A},
  adsnote = {Provided by the SAO/NASA Astrophysics Data System}
}

@ARTICLE{pkaricrc,
   author = {{Kar}, P.},
    title = "{VERITAS monitoring of LS I +61$^\circ$ 303 in conjunction with X-ray, and GeV observation campaigns}",
  journal = {ArXiv e-prints},
archivePrefix = "arXiv",
   eprint = {1508.06674},
 primaryClass = "astro-ph.HE",
 keywords = {Astrophysics - High Energy Astrophysical Phenomena},
     year = 2015,
    month = aug,
   adsurl = {http://adsabs.harvard.edu/abs/2015arXiv150806674K},
  adsnote = {Provided by the SAO/NASA Astrophysics Data System}
}

@ARTICLE{1982ApJ...255..210T,
   author = {{Taylor}, A.~R. and {Gregory}, P.~C.},
    title = "{Periodic radio emission from LS I +61 deg 303}",
  journal = {\apj},
 keywords = {Binary Stars, Radio Bursts, Radio Stars, Stellar Radiation, Variable Stars, X Ray Sources, Gamma Ray Astronomy, Light Curve, Periodic Variations, Radiant Flux Density, Radio Emission, Radio Telescopes, Stellar Models},
     year = 1982,
    month = apr,
   volume = 255,
    pages = {210-216},
      doi = {10.1086/159819},
   adsurl = {http://adsabs.harvard.edu/abs/1982ApJ...255..210T},
  adsnote = {Provided by the SAO/NASA Astrophysics Data System}
}

@ARTICLE{1994A&A...288..519P,
   author = {{Paredes}, J.~M. and {Marziani}, P. and {Marti}, J. and {Fabregat}, J. and 
	{Coe}, M.~J. and {Everall}, C. and {Figueras}, F. and {Jordi}, C. and 
	{Norton}, A.~J. and {Prince}, T. and {Reglero}, V. and {Roche}, P. and 
	{Torra}, J. and {Unger}, S.~J. and {Zamanov}, R.},
    title = "{Photometric and H{$\alpha$} observations of LSI+61 303: detection of a \~{}26 day V and JHK band modulation}",
  journal = {\aap},
   eprint = {astro-ph/9402016},
 keywords = {STARS: LSI+61 303, STARS: EMISSION LINE, BE, STARS: VARIABLES, RADIO CONTINUUM: STARS, X-RAY: STARS},
     year = 1994,
    month = aug,
   volume = 288,
    pages = {519-528},
   adsurl = {http://adsabs.harvard.edu/abs/1994A%26A...288..519P},
  adsnote = {Provided by the SAO/NASA Astrophysics Data System}
}

@ARTICLE{1997A&A...320L..25P,
   author = {{Paredes}, J.~M. and {Marti}, J. and {Peracaula}, M. and {Ribo}, M.
	},
    title = "{Evidence of X-ray periodicity in LSI+61 303.}",
  journal = {\aap},
 keywords = {STARS: INDIVIDUAL: LSI +61 303, RADIO CONTINUUM: STARS, STARS: VARIABLES, X-RAYS: STARS},
     year = 1997,
    month = apr,
   volume = 320,
    pages = {L25-L28},
   adsurl = {http://adsabs.harvard.edu/abs/1997A%26A...320L..25P},
  adsnote = {Provided by the SAO/NASA Astrophysics Data System}
}


